<record><leader>00000cas a2200000 a 4500</leader><controlfield tag="001">43252221</controlfield><controlfield tag="008">000111c19999999nyuwr ne      0   a0pan c</controlfield><datafield ind1=" " ind2=" " tag="010"><subfield code="a">sn 00212210 </subfield></datafield><datafield ind1=" " ind2=" " tag="040"><subfield code="a">NSD</subfield><subfield code="b">eng</subfield><subfield code="c">NSD</subfield><subfield code="d">NYS</subfield><subfield code="d">OCLCQ</subfield></datafield><datafield ind1=" " ind2=" " tag="012"><subfield code="m">0</subfield></datafield><datafield ind1="1" ind2=" " tag="022"><subfield code="a">1528-0675</subfield><subfield code="l">1528-0675</subfield><subfield code="2">1</subfield></datafield><datafield ind1=" " ind2=" " tag="037"><subfield code="b">Sher-e-Panjab, Inc., 43 West 24th Street, New York, NY 10010</subfield></datafield><datafield ind1="0" ind2=" " tag="041"><subfield code="a">pan</subfield><subfield code="a">eng</subfield></datafield><datafield ind1=" " ind2=" " tag="042"><subfield code="a">nsdp</subfield><subfield code="a">pcc</subfield></datafield><datafield ind1=" " ind2=" " tag="043"><subfield code="a">n-us-ny</subfield></datafield><datafield ind1="1" ind2="0" tag="082"><subfield code="a">123</subfield><subfield code="2">13</subfield></datafield><datafield ind1=" " ind2="0" tag="222"><subfield code="a">Sher-e-Pa&#768;nja&#769;ba</subfield></datafield><datafield ind1="0" ind2="0" tag="245"><subfield code="a">Sher-e-Pa&#768;nja&#769;ba =</subfield><subfield code="b">Sher-e-Panjab.</subfield></datafield><datafield ind1="3" ind2="1" tag="246"><subfield code="a">Sher-e-panjab</subfield></datafield><datafield ind1=" " ind2=" " tag="260"><subfield code="a">New York, NY :</subfield><subfield code="b">Sher-e-Panjab, Inc.</subfield></datafield><datafield ind1=" " ind2=" " tag="300"><subfield code="a">v. :</subfield><subfield code="b">ill. (some col.) ;</subfield><subfield code="c">39 cm.</subfield></datafield><datafield ind1=" " ind2=" " tag="310"><subfield code="a">Weekly</subfield></datafield><datafield ind1=" " ind2=" " tag="500"><subfield code="a">Title from caption.</subfield></datafield><datafield ind1=" " ind2=" " tag="500"><subfield code="a">"Panjabi weekly newspaper published from New York covering Panjab and Panjabi Diaspora."</subfield></datafield><datafield ind1=" " ind2=" " tag="546"><subfield code="a">In Panjabi with some articles in English.</subfield></datafield><datafield ind1=" " ind2=" " tag="588"><subfield code="a">Description based on: Vol. 6, no. 06 (Sept. 3, 2004); title from caoption.</subfield></datafield><datafield ind1=" " ind2="0" tag="650"><subfield code="a">Panjabis (South Asian Peoples)</subfield><subfield code="z">United States</subfield><subfield code="v">Newspapers.</subfield></datafield><datafield ind1=" " ind2="0" tag="650"><subfield code="a">Panjabi Americans</subfield><subfield code="z">New York (State)</subfield><subfield code="z">New York</subfield><subfield code="v">Newspapers.</subfield></datafield><datafield ind1=" " ind2="0" tag="651"><subfield code="a">New York (N.Y.)</subfield><subfield code="v">Newspapers.</subfield></datafield><datafield ind1=" " ind2="0" tag="651"><subfield code="a">New York County (N.Y.)</subfield><subfield code="v">Newspapers.</subfield></datafield><datafield ind1=" " ind2=" " tag="752"><subfield code="a">United States</subfield><subfield code="b">New York</subfield><subfield code="c">New York</subfield><subfield code="d">New York.</subfield></datafield><datafield ind1="1" ind2=" " tag="029"><subfield code="a">AU@</subfield><subfield code="b">000021313968</subfield></datafield><datafield ind1="1" ind2=" " tag="029"><subfield code="a">AU@</subfield><subfield code="b">000026154159</subfield></datafield></record>